@inproceedings{Kazhdan06,
	author = {Kazhdan, Michael and Bolitho, Matthew and Hoppe, Hugues},
	title = {Poisson surface reconstruction},
	booktitle = {Proc. SGP},
	series = {SGP '06},
	year = {2006},
	isbn = {3-905673-36-3},
	location = {Cagliari, Sardinia, Italy},
	pages = {61--70},
	numpages = {10},
	acmid = {1281965},
	publisher = {Eurographics Association},
	address = {Aire-la-Ville, Switzerland, Switzerland},
} 

@article{Fuhrmann2014,
 author = {Fuhrmann, Simon and Goesele, Michael},
 title = {Floating Scale Surface Reconstruction},
 journal = {ACM Trans. Graph.},
 issue_date = {July 2014},
 volume = {33},
 number = {4},
 month = jul,
 year = {2014},
 issn = {0730-0301},
 pages = {46:1--46:11},
 articleno = {46},
 numpages = {11},
 url = {http://doi.acm.org/10.1145/2601097.2601163},
 doi = {10.1145/2601097.2601163},
 acmid = {2601163},
 publisher = {ACM},
 address = {New York, NY, USA},
 keywords = {surface reconstruction},
} 


@book{pbrt,
 author = {Pharr, Matt and Humphreys, Greg},
 title = {Physically Based Rendering, Second Edition: From Theory To Implementation},
 year = {2010},
 isbn = {0123750792, 9780123750792},
 edition = {2nd},
 publisher = {Morgan Kaufmann Publishers Inc.},
 address = {San Francisco, CA, USA},
} 

@article {onvari,
	title = {On Visualization and Reconstruction from Non-Uniform Point Sets using {B}-splines},
	author = {Erald Vu{\c c}ini and Torsten M{\"o}ller and Eduard Gr{\"o}ller},
	journal = {Computer Graphics Forum (Proc. of Eurographics 2009)},
	volume = {28},
	number = {3},
	year = {2009},
	pages = {1007-1014},
}

@article{reconstar_eg14,
title = {State of the Art in Surface Reconstruction from Point Clouds},
author = {Matthew Berger and Andrea Tagliasacchi and Lee M. Seversky 
 and Pierre Alliez and Joshua A. Levine and Andrei Sharf and Claudio Silva},
journal = {Eurographics STAR (Proc. of EG'14) },
year = 2014}

@article{boxgpu,
   affiliation = {OTHER},
   author      = {Finkbeiner, Bernhard and Entezari, Alireza and Van De
                 Ville, Dimitri and Moeller,q Torsten},
   details     = {http://infoscience.epfl.ch/record/172468},
   doi         = {10.1016/j.cag.2010.02.002},
   extra-id    = {000280908600014},
   journal     = {Computers \& {G}raphics-{U}k},
   keywords    = {Reconstruction; Volume rendering; Box splines; Body
                 centered cubic lattice; Reconstruction; Tomography},
   oai-id      = {oai:infoscience.epfl.ch:172468},
   oai-set     = {article},
   pages       = {409--423},
   review      = {REVIEWED},
   status      = {PUBLISHED},
   submitter   = {152027},
   title       = {Efficient volume rendering on the body centered cubic
                 lattice using box splines},
   unit        = {MIPLAB},
   volume      = {34},
   year        = 2010
}


@PhdThesis{usmanthesis,
	author = {Usman R. Alim},
	title = {Data Processing on the Body-Centered Cubic Lattice},
    school = {Simon Fraser University, Burnaby BC, Canada},
	year = {2012},
}

@article{gradrev,
    author = {Usman R. Alim and Torsten M\"{o}ller and Laurent Condat},
    title = {Gradient Estimation Revitalized},
    year = {2010},
    month = {November-December},
    journal = {IEEE Trans. on Vis. and Comp. Graph.},
    volume = {16},
    number = {6},
    pages = {1494-1503},
    doi = {10.1109/TVCG.2010.160},
}

@inproceedings{bccdst,
	author={Usman Raza Alim and Torsten M\"{o}ller},
	title="A Fast {Fourier} Transform with Rectangular Output on the {BCC} and {FCC} Lattices",
	booktitle="Proc. SampTA'09)",
	year="2009",
	editor="",
	volume="",
	series="",
	pages="",
	address="Marseille, France",
	month="May 18-22,",
	organization="",
	publisher="",
}

    In Proceedings of the Eighth International Conference on Sampling Theory and Applications (SampTA'09), Marseille, France, May 2009.

@report{towardsbcc,
	author = {Entezari, A.},
	title = {Towards computing on non-cartesian lattices, },
	year = {2006}
}

@inproceedings{shapedis,
	 author = {Osada, Robert and Funkhouser, Thomas and Chazelle, Bernard and Dobkin, David},
	 title = {Matching 3D Models with Shape Distributions},
	 booktitle = {Proceedings of the International Conference on Shape Modeling \& Applications},
	 series = {SMI '01},
	 year = {2001},
	 isbn = {0-7695-0853-7},
	 pages = {154--},
	 url = {http://dl.acm.org/citation.cfm?id=882486.884103},
	 acmid = {884103},
	 publisher = {IEEE Computer Society},
	 address = {Washington, DC, USA},
} 

@article {ssdrecon,
	author = {Calakli, F. and Taubin, G.},
	title = {{S}{S}{D}: Smooth Signed Distance Surface Reconstruction},
	journal = {Computer Graphics Forum},
	volume = {30},
	number = {7},
	publisher = {Blackwell Publishing Ltd},
	issn = {1467-8659},
	doi = {10.1111/j.1467-8659.2011.02058.x},
	pages = {1993--2002},
	keywords = {I.3.5 [Computer Graphics]: Computational Geometry and Object Modelingâ€”Curve, surface, solid, and object representations, G.1.2 [Numerical Analysis]: Approximationâ€”Approximation of surfaces and contours},
	year = {2011},
}

@BOOK{boorboxsplines, 
	title={Box Splines (Applied Mathematical Sciences)},
	author={Carl de Boor and Klaus H{\"o}llig and Sherman Riemenschneider},
	publisher={Springer},
	year={2010},
	month={2},
	edition={Softcover reprint of hardcover 1st ed. 1993},
	isbn={9781441928344},
	totalpages={201},
	timestamp={2013.07.26},
}



@article{fastbox,
 author = {Finkbeiner, Bernhard and Entezari, Alireza and Van De Ville, Dimitri and M\"{o}ller, Torsten},
 title = {Efficient volume rendering on the body centered cubic lattice using box splines},
 journal = {Comput. Graph.},
 issue_date = {August, 2010},
 volume = {34},
 number = {4},
 month = aug,
 year = {2010},
 issn = {0097-8493},
 pages = {409--423},
 numpages = {15},
 doi = {10.1016/j.cag.2010.02.002},
 acmid = {1839060},
 publisher = {Pergamon Press, Inc.},
 address = {Elmsford, NY, USA},
 keywords = {Body centered cubic lattice, Box splines, Reconstruction, Volume rendering},
} 

@INPROCEEDINGS{sve05ss,
	AUTHOR = {Schall, Oliver and Samozino, Marie},
	EDITOR = {Falcidieno, Bianca and Magnenat-Thalmann, Nadia},
	TITLE = {Surface from Scattered Points: A Brief Survey of Recent Developments},
	BOOKTITLE = {1st International Workshop on Semantic Virtual Environments},
	PUBLISHER = {MIRALab},
	YEAR = {2005},
	PAGES = {138--147},
	ADDRESS = {Villars, Switzerland}
}

@ARTICLE{optimalsampl, 
	author={Kunsch, H.R. and Agrell, E. and Hamprecht, F.A.}, 
	journal={IEEE Trans. on Info. Theory}, 
	title={Optimal lattices for sampling}, 
	year={2005}, 
	volume={51}, 
	number={2}, 
	pages={634-647}, 
	keywords={frequency-domain analysis;interpolation;lattice theory;mean square error methods;multidimensional signal processing;random processes;signal sampling;asymptotic expansions;average mean-square error;bandwidth constraints;best linear interpolator;dual packing problem;frequency domain;multidimensional signals;optimal lattices;sampling theorem;stationary random process;Bandwidth;Constraint theory;Frequency domain analysis;Interpolation;Lattices;Multidimensional systems;Random processes;Sampling methods;Signal processing;Signal sampling}, 
	doi={10.1109/TIT.2004.840864}, 
	ISSN={0018-9448},
}

@article{Petersen,
	title = "Sampling and reconstruction of wave-number-limited functions in N-dimensional euclidean spaces",
	journal = "Information and Control ",
	volume = "5",
	number = "4",
	pages = "279 - 323",
	year = "1962",
	note = "",
	issn = "0019-9958",
	doi = "10.1016/S0019-9958(62)90633-2",
	author = "Daniel P. Petersen and David Middleton"
}

@article{wavelet,
  author    = {Josiah Manson and
               Guergana Petrova and
               Scott Schaefer},
  title     = {Streaming Surface Reconstruction Using Wavelets},
  journal   = {Proc. SGP},
  volume    = {27},
  number    = {5},
  year      = {2008},
  pages     = {1411--1420},
}

@article{linearrev,
 author = {Blu, T. and Thevenaz, P. and Unser, M.},
 title = {Linear interpolation revitalized},
 journal = {IEEE Trans. Img. Proc.},
 issue_date = {May 2004},
 volume = {13},
 number = {5},
 month = may,
 year = {2004},
 issn = {1057-7149},
 pages = {710--719},
 numpages = {10},
 doi = {10.1109/TIP.2004.826093},
 acmid = {2320560},
 publisher = {IEEE Press},
 address = {Piscataway, NJ, USA},
} 

@inproceedings{quasibcc,
 author = {Entezari, A. and Mirzargar, M. and Kalantari, L.},
 title = {Quasi-interpolation on the body centered cubic lattice},
 booktitle = {Proc. Eurographics / IEEE - VGTC Conf. on Vis.},
 series = {EuroVis'09},
 year = {2009},
 location = {Berlin, Germany},
 pages = {1015--1022},
 numpages = {8},
 doi = {10.1111/j.1467-8659.2009.01446.x},
 acmid = {2421947},
 publisher = {Eurographics Association},
 address = {Aire-la-Ville, Switzerland, Switzerland},
} 



@inproceedings{radial,
	author = {Carr, J. C. and Beatson, R. K. and Cherrie, J. B. and Mitchell, T. J. and Fright, W. R. and McCallum, B. C. and Evans, T. R.},
	title = {Reconstruction and representation of 3{D} objects with radial basis functions},
	booktitle = {Proc. ACM SIGRAPH},
	series = {SIGGRAPH '01},
	year = {2001},
	isbn = {1-58113-374-X},
	pages = {67--76},
	numpages = {10},
	doi = {10.1145/383259.383266},
	acmid = {383266},
	publisher = {ACM},
	address = {New York, NY, USA},
	keywords = {RBF, Radial Basis Function, geometry compression, mesh repair, point-cloud surfacing, solid modeling, surface reconstruction, variational implicit surfaces},
} 

ï»¿@article {hermite,
author = {MacÃedo, I. and Gois, J. P. and Velho, L.},
title = {Hermite Radial Basis Functions Implicits},
journal = {CG Forum},
volume = {30},
number = {1},
publisher = {Blackwell Publishing Ltd},
issn = {1467-8659},
doi = {10.1111/j.1467-8659.2010.01785.x},
pages = {27--42},
keywords = {implicit surfaces, Hermite data, radial basis functions, Hermite-Birkhoff interpolation, scattered data approximation, geometric modelling, surface reconstruction},
keywords = {G.1.2 [Numerical Analysis]: Approximationâ€”Approximation of surfaces and contours, I.3.5 [Computer Graphics]: Computational Geometry and Object Modelingâ€”Curve, surface, solid, and object representations},
year = {2011},
}
@article{reconbench,
 author = {Berger, Matthew and Levine, Joshua A. and Nonato, Luis Gustavo and Taubin, Gabriel and Silva, Claudio T.},
 title = {A benchmark for surface reconstruction},
 journal = {ACM Trans. Graph.},
 issue_date = {April 2013},
 volume = {32},
 number = {2},
 month = apr,
 year = {2013},
 issn = {0730-0301},
 pages = {20:1--20:17},
 articleno = {20},
 numpages = {17},
 doi = {10.1145/2451236.2451246},
 acmid = {2451246},
 publisher = {ACM},
 address = {New York, NY, USA},
 keywords = {Computer graphics, benchmark, geometry processing, indicator function, multilevel partition of unity, point cloud, point set surface, surface reconstruction},
} 

@inproceedings{fftk,
	author = {Kazhdan, Michael},
	title = {Reconstruction of solid models from oriented point sets},
	booktitle = {Proc. SGP},
	series = {SGP '05},
	year = {2005},
	isbn = {3-905673-24-X},
	location = {Vienna, Austria},
	articleno = {73},
	acmid = {1281931},
	publisher = {Eurographics Association},
	address = {Aire-la-Ville, Switzerland, Switzerland},
} 

@article{xu2012rec,
	author={Xie Xu and Alvarado, A.S. and Entezari, A.}, 
	journal={IEEE Trans. Med. Img.}, 
	title={Reconstruction of Irregularly-Sampled Volumetric Data in Efficient Box Spline Spaces}, 
	year={2012}, 
	volume={31}, 
	number={7}, 
	pages={1472-1480}, 
	keywords={diseases;medical signal processing;numerical analysis;signal reconstruction;BCC lattice;body centered cubic lattice;box spline spaces;commonly-used Cartesian lattice;irregularly-sampled volumetric data reconstruction;nontensor-product;reconstruction processing;shift-invariant representation;signal reconstruction;tensor-product B-spline space;variational reconstruction framework;Convolution;Image reconstruction;Interpolation;Lattices;Spline;Vectors;Box splines;interpolation and approximation;irregular sampling;volumetric reconstruction;Algorithms;Animals;Carps;Computer Simulation;Databases, Factual;Diagnostic Imaging;Humans;Image Processing, Computer-Assisted;Signal Processing, Computer-Assisted;Signal-To-Noise Ratio}, 
	doi={10.1109/TMI.2012.2190616}, 
	ISSN={0278-0062}
}

@article{interprev, 
	author={Thevenaz, P. and Blu, T. and Unser, M.}, 
	journal={IEEE Trans. Med. Img.}, 
	title={Interpolation revisited}, 
	year={2000}, 
	volume={19}, 
	number={7}, 
	pages={739-758}, 
	keywords={interpolation;medical image processing;splines (mathematics);B spline convolution;Fourier error kernal;approximation theory;basis function;cost penalty;decomposition theorem;generalized interpolation;interpolation artifacts limitation;medical diagnostic imaging;performance issues;prefiltering step;Biomedical imaging;Convolution;Cost function;Heart;Helium;Interpolation;Kernel;Performance analysis;Sampling methods;Spline;Artifacts;Costs and Cost Analysis;Diagnostic Imaging;Fourier Analysis;Humans;Image Processing, Computer-Assisted;Mathematics}, 
	doi={10.1109/42.875199}, 
	ISSN={0278-0062},
}

@article{zahgrad, 
	author={Hossain, Z. and Alim, U. and M\"oller, T.}, 
	journal={IEEE Trans. on Vis. and Comp. Graph.}, 
	title={Toward High-Quality Gradient Estimation on Regular Lattices}, 
	year={2011}, 
	volume={17}, 
	number={4}, 
	pages={426-439}, 
	keywords={approximation theory;gradient methods;rendering (computer graphics);series (mathematics);Cartesian lattices;Hilbert space framework;approximation power criteria;body-centered cubic lattices;compactness criteria;continuous reconstruction kernels;convolution sum;gradient estimation;multidimensional Taylor series expansion;orthogonal projection;regular lattices;volume rendering;Convolution;Filters;Hilbert space;Image reconstruction;Interpolation;Kernel;Lattices;Multidimensional systems;State estimation;Taylor series;Approximation theory;Taylor series expansion;body-centered cubic lattice;box splines.;normal reconstruction;orthogonal projection}, 
	doi={10.1109/TVCG.2010.37}, 
	ISSN={1077-2626},
}

@article{screenedk,
	author = {Kazhdan, Michael and Hoppe, Hugues},
	title = {Screened {P}oisson surface reconstruction},
	journal = {ACM Trans. Graph.},
	issue_date = {June 2013},
	volume = {32},
	number = {3},
	month = jul,
	year = {2013},
	issn = {0730-0301},
	pages = {29:1--29:13},
	articleno = {29},
	numpages = {13},
	doi = {10.1145/2487228.2487237},
	acmid = {2487237},
	publisher = {ACM},
	address = {New York, NY, USA},
	keywords = {Screened Poisson equation, adaptive octree, finite elements, surface fitting},
}


@inproceedings{delaunay,
	author = {FrÃ©dÃ©ric Cazals and Joachim Giesen},
	title = {Delaunay triangulation based surface reconstruction: Ideas and algorithms},
	booktitle = {Effective computational geometry for curves and surfaces},
	year = {2006},
	pages = {231--273},
	publisher = {Springer}
}

@inproceedings{cocone,
	author = {Amenta, N. and Choi, S. and Dey, T. K. and Leekha, N.},
	title = {A simple algorithm for homeomorphic surface reconstruction},
	booktitle = {Proc. SGP},
	series = {SCG '00},
	year = {2000},
	isbn = {1-58113-224-7},
	location = {Clear Water Bay, Kowloon, Hong Kong},
	pages = {213--222},
	numpages = {10},
	doi = {10.1145/336154.336207},
	acmid = {336207},
	publisher = {ACM},
	address = {New York, NY, USA},
}

@inproceedings{powercrust,
	author = {Amenta, Nina and Choi, Sunghee and Kolluri, Ravi Krishna},
	title = {The power crust},
	booktitle = {Proc. ACM Symp. Solid Modeling and Applications},
	series = {SMA '01},
	year = {2001},
	isbn = {1-58113-366-9},
	location = {Ann Arbor, Michigan, USA},
	pages = {249--266},
	numpages = {18},
	doi = {10.1145/376957.376986},
	acmid = {376986},
	publisher = {ACM},
	address = {New York, NY, USA},
} 

@article{variational, 
	author={Arigovindan, M. and Suhling, M. and Hunziker, P. and Unser, M.}, 
	journal={IEEE Trans. on Img. Proc.}, 
	title={Variational image reconstruction from arbitrarily spaced samples: a fast multiresolution spline solution}, 
	year={2005}, 
	volume={14}, 
	number={4}, 
	pages={450-460}, 
	keywords={image reconstruction;image resolution;splines (mathematics);arbitrarily spaced sample;fast multigrid algorithm;fast multiresolution spline solution;linear equation;radial basis function;variational image reconstruction;Cost function;Differential algebraic equations;Helium;Image reconstruction;Image resolution;Interpolation;Linear systems;Nonuniform sampling;Signal resolution;Spline;B-splines;multigrid algorithm;multiresolution reconstruction;nonuniform interpolation;radial basis functions (RBFs);thin-plate splines;variational reconstruction;Algorithms;Artificial Intelligence;Computer Simulation;Image Enhancement;Image Interpretation, Computer-Assisted;Information Storage and Retrieval;Models, Statistical;Numerical Analysis, Computer-Assisted;Pattern Recognition, Automated;Reproducibility of Results;Sample Size;Sensitivity and Specificity;Signal Processing, Computer-Assisted;Subtraction Technique}, 
	doi={10.1109/TIP.2004.841203}, 
	ISSN={1057-7149},
}
@inproceedings{firstbox, 
	author = {Entezari, Alireza and Dyer, Ramsay and M\"oller, Torsten},
	booktitle={Visualization, 2004. IEEE},
	title={Linear and cubic box splines for the body centered cubic lattice}, 
	year={2004}, 
	pages={11-18}, 
	keywords={Fourier transforms;computational geometry;filtering theory;image reconstruction;image representation;image sampling;interpolation;lattice theory;splines (mathematics);Cartesian lattice;Fourier slice-projection theorem;body centered cubic lattice;optimal regular sampling;piecewise cubic box spline reconstruction filters;Biomedical engineering;FCC;Filtering theory;Filters;Lattices;Multidimensional signal processing;Numerical analysis;Sampling methods;Signal design;Signal sampling}, 
	doi={10.1109/VISUAL.2004.65},
}

@inproceedings{hoppecut,
	author = {Hoppe, Hugues and DeRose, Tony and Duchamp, Tom and McDonald, John and Stuetzle, Werner},
	title = {Surface reconstruction from unorganized points},
	booktitle = {Proc. ACM SIGRAPH},
	series = {SIGGRAPH '92},
	year = {1992},
	isbn = {0-89791-479-1},
	pages = {71--78},
	numpages = {8},
	doi = {10.1145/133994.134011},
	acmid = {134011},
	publisher = {ACM},
	address = {New York, NY, USA},
	keywords = {geometric modeling, range data analysis, surface fitting, three-dimensional shape recovery},
}

@article{practicalbox,
	author={Entezari, A. and Van De Ville, D. and M\"oller, T.}, 
	journal={IEEE Trans. Vis. and Comp. Graph.}, 
	title={Practical Box Splines for Reconstruction on the Body Centered Cubic Lattice}, 
	year={2008}, 
	volume={14}, 
	number={2}, 
	pages={313-328}, 
	keywords={computational geometry;splines (mathematics);Cartesian lattice;body centered cubic lattice reconstruction;box splines;explicit piecewise polynomial representations;volumetric data reconstruction;volumetric sampling pattern;Finite volume methods;Reconstruction;Signal processing;Spline and piecewise polynomial approximation;Spline and piecewise polynomial interpolation;Splines}, 
	doi={10.1109/TVCG.2007.70429}, 
	ISSN={1077-2626},
}

@inproceedings{hamilton2013,
  title={On finite difference schemes for the 3-D wave equation using non-Cartesian grids},
  author={Hamilton, Brian and Bilbao, Stefan},
  booktitle={Proc. Sound and Music Computing (SMC) Conf., Stockholm, Sweden},
  pages={592--599},
  year={2013}
}

@inproceedings{hamilton2013hexagonal,
  title={Hexagonal vs. rectilinear grids for explicit finite difference schemes for the two-dimensional wave equation},
  author={Hamilton, Brian and Bilbao, Stefan},
  booktitle={Proceedings of Meetings on Acoustics},
  volume={19},
  number={1},
  pages={015120},
  year={2013},
  organization={Acoustical Society of America}
}

@article{lboltzman,
author = {Usman R. Alim and Alireza Entezari and Torsten Möller},
title = {The Lattice-Boltzmann Method on Optimal Sampling Lattices},
journal ={IEEE Transactions on Visualization and Computer Graphics},
volume = {15},
number = {4},
issn = {1077-2626},
year = {2009},
pages = {630-641},
doi = {http://doi.ieeecomputersociety.org/10.1109/TVCG.2008.201},
publisher = {IEEE Computer Society},
address = {Los Alamitos, CA, USA},
}

@ARTICLE{hvolrecon,
AUTHOR={Bernhard Finkbeiner and Usman Raza Alim and Dimitri Van De Ville and Torsten M\"{o}ller},
TITLE={High-Quality Volumetric Reconstruction on Optimal Lattices for
Computed Tomography},
JOURNAL={Proceedings of Eurographics/{IEEE}-{VGTC} Symposium on
Visualization},
YEAR="2009",
volume="28",
number="3",
pages="",
note="Forthcoming"
}

% This file was created with JabRef 2.7.2.
% Encoding: ISO8859_1

@BOOK{deBoor01,
  title = {{A Practical Guide to Splines}},
  publisher = {Springer Verlag},
  year = {2001},
  author = {Carl {de Boor}},
  volume = {27}
}

@ARTICLE{deboor93evaluation,
  author = {Carl {de Boor}},
  title = {On the Evaluation of Box Splines},
  journal = {Numerical Algorithms},
  year = {1993},
  volume = {5},
  pages = {5--23},
  number = {1--4},
}

@ARTICLE{deBoor94,
  author = {{de Boor}, Carl and Devore, Ronald A. and Ron, Amos},
  title = {Approximation from Shift-invariant Subspaces of {$L_2(\mathbb{R}^d)$}},
  journal = {Transactions of the American Mathematical Society},
  year = {1994},
  volume = {341},
  pages = {787--806},
  number = {2}
}

@BOOK{deBoor93,
  title = {{Box Splines}},
  publisher = {Springer Verlag},
  year = {1993},
  author = {Carl {de Boor} and Klaus H\"ollig and Sherman Riemenschneider}
}

@ARTICLE{aldroubi94,
  author = {Aldroubi, A. and Unser, M.},
  title = {Sampling procedures in function spaces and asymptotic equivalence
	with {S}hannon's sampling theory},
  journal = {Numerical Functional Analysis and Optimization},
  year = {1994},
  volume = {15},
  pages = {1--21},
  number = {1-2},
  publisher = {Taylor \& Francis}
}

@INPROCEEDINGS{alim09dft,
  author = {Usman Raza Alim and Torsten M\"{o}ller},
  title = {A Fast {Fourier} Transform with Rectangular Output on the {BCC} and
	{FCC} Lattices},
  booktitle = {{Proceedings of the Eighth International Conference on Sampling Theory
	and Applications ({SampTA'09})}},
  month = may,
  year = {2009},
  address = {Marseille, France},
}

@ARTICLE{alim10,
  author = {Usman R. Alim and Torsten M\"{o}ller and Laurent Condat},
  title = {Gradient Estimation Revitalized},
  journal = {IEEE Transactions on Visualization and Computer Graphics},
  year = {2010},
  volume = {16},
  pages = {1494-1503},
  number = {6},
  month = nov,
  doi = {xx.xxxx/xxxxxxx.xxxxxxx}
}

@ARTICLE{bentum96,
  author = {M. J. Bentum and T. Malzbender and B. B. Lichtenbelt},
  title = {Frequency Analysis of Gradient Estimators in Volume Rendering},
  journal = {IEEE Transactions on Visualization and Computer Graphics},
  year = {1996},
  volume = {2},
  pages = {242--254},
  number = {3},
  month = sep
}

@ARTICLE{birkhoff:1969:PBI,
  author = {Garett Birkhoff},
  title = {{Piecewise Bicubic Interpolation and Approximation in Polygons}},
  journal = {Approximation with Special Emphasis on Spline Functions V},
  year = {1969},
  editor = {V. Schoenberg},
  publisher = {University of Wisconsin Press, Madison}
}

@ARTICLE{birkhoff:1965:PBI,
  author = {Garrett Birkhoff and Carl {de Boor}},
  title = {{Piecewise Polynomial Interpolation and Approximation}},
  journal = {Approximation of Functions},
  year = {1965},
  editor = {H. Garabedian},
  publisher = {Elsevier, Amsterdam}
}

@ARTICLE{birkhoff:1960:SSI,
  author = {G. Birkhoff and H. L. Garabedian},
  title = {{Smooth Surface Interpolation}},
  journal = {J. Math. and Phys.},
  year = {1960},
  volume = {39},
  pages = {258--268}
}

@ARTICLE{blu01,
  author = {Blu, T. and Th\'{e}venaz, P. and Unser, M.},
  title = {{MOMS: Maximal-order interpolation of minimal support}},
  journal = {IEEE Transactions on Image Processing},
  year = {2001},
  volume = {10},
  pages = {1069--1080},
  number = {7},
  issn = {1057-7149},
  shorttitle = {MOMS}
}

@ARTICLE{blu04,
  author = {T. Blu and P. Th{\'{e}}venaz and M. Unser},
  title = {Linear Interpolation Revitalized},
  journal = {{IEEE} Transactions on Image Processing},
  year = {2004},
  volume = {13},
  pages = {710--719},
  number = {5},
  month = may
}

@ARTICLE{blu99b,
  author = {Blu, Thierry and Unser, Michael},
  title = {Approximation Error for Quasi-Interpolators and (Multi-)Wavelet Expansions},
  journal = {Applied and Computational Harmonic Analysis},
  volume = {6},
  number = {2},
  pages = {219--251},
  year = {1999},
  publisher = {Elsevier} 
}

@ARTICLE{blu99,
  author = {Blu, T. and Unser, M.},
  title = {Quantitative {F}ourier Analysis of Approximation Techniques: {P}art
	{I}---{I}nterpolators and Projectors},
  journal = {{IEEE} Transactions on Signal Processing},
  year = {1999},
  volume = {47},
  pages = {2783--2795},
  number = {10},
  month = oct
}

@ARTICLE{deBoor87,
  author = {{de Boor}, Carl},
  title = {{The polynomials in the linear span of integer translates of a compactly
	supported function}},
  journal = {Constructive Approximation},
  year = {1987},
  volume = {3},
  pages = {199--208},
  number = {1},
  month = dec,
  doi = {10.1007/BF01890564},
  file = {:cs/grad3/ualim/home/papers/mendeley/polshift.pdf:pdf},
  issn = {0176-4276},
}

@BOOK{bremaud,
  title = {Mathematical Principles of Signal Processing},
  publisher = {Springer},
  year = {2002},
  author = {Pierre Br\'emaud}
}

@ARTICLE{brekelmans08,
  author = {Brekelmans, R.C.M. and Driessen, L.T. and Hamers, H.J.M. and {Den}
	Hertog, D.},
  title = {{Gradient estimation using Lagrange interpolation polynomials}},
  journal = {Journal of Optimization Theory and Applications},
  year = {2008},
  volume = {136},
  pages = {341--357},
  number = {3},
  publisher = {Springer}
}

@ARTICLE{brekelmans05,
  author = {Brekelmans, R.C.M. and Driessen, L.T. and Hamers, H.J.M. and {Den}
	Hertog, D.},
  title = {{Gradient estimation schemes for noisy functions}},
  journal = {Journal of Optimization Theory and Applications},
  year = {2005},
  volume = {126},
  pages = {529--551},
  number = {3},
  publisher = {Springer}
}

@BOOK{burns1985,
  title = {Solid State Physics},
  publisher = {Academic Press Inc.},
  year = {1985},
  author = {Gerald Burns}
}

@INPROCEEDINGS{carlbom93,
  author = {Ingrid Carlbom},
  title = {{Optimal Filter Design for Volume Reconstruction and Visualization}},
  booktitle = {{Proceedings of the IEEE Conference on Visualization}},
  year = {1993},
  pages = {54-61},
  month = oct
}

@INPROCEEDINGS{carr2003,
  author = {H. Carr and T. Theu\ss l and T. M\"oller},
  title = {Isosurfaces on Optimal Regular Samples},
  booktitle = {{Joint Eurographics - IEEE TCVG Symposium on Visualization}},
  year = {2003},
  pages = {39--48},
  month = {May}
}

@INPROCEEDINGS{carr2001,
  author = {H. Carr and T. M\"oller and J. Snoeyink},
  title = {Simplicial Subdivisions and Sampling Artifacts},
  booktitle = {{Proceedings of the IEEE Conference on Visualization}},
  year = {2001},
  pages = {99--106},
  month = oct
}

@INPROCEEDINGS{carr01,
  author = {Hamish Carr and Torsten M\"{o}ller and Jack Snoeyink},
  title = {{Simplicial Subdivisions and Sampling Artifacts}},
  booktitle = {{VIS '01: Proceedings of the Conference on Visualization '01}},
  year = {2001},
  pages = {99--106},
  address = {Washington, DC, USA},
  publisher = {IEEE Computer Society},
  isbn = {0-7803-7200-X},
  location = {San Diego, California}
}

@INPROCEEDINGS{XE96,
  author = {Bradford Chamberlain and Tony DeRose and Dani Lischinski and David
	Salesin and John Snyder},
  title = {Fast Rendering of Complex Environments Using a Spatial Hierarchy},
  booktitle = {{GI '96: Proceedings of the Conference on Graphics Interface '96}},
  year = {1996},
  pages = {132--141}
}

@BOOK{chui88,
  title = {{Multivariate Splines}},
  publisher = {Society for Industrial and Applied Mathematics},
  year = {1988},
  author = {Chui, C.K.},
  series = {CBMS-NSF Regional Conference Series in Applied Mathematics},
  isbn = {9780898712261},
  lccn = {88061569},
}

@ARTICLE{chui90,
  author = {Chui, Charles K. and Diamond, Harvey},
  title = {A Characterization of Multivariate Quasi-interpolation Formulas and
	its Applications},
  journal = {Numerische Mathematik},
  year = {1990},
  volume = {121},
  pages = {105--121}
}

@BOOK{collatz60,
  title = {{The Numerical Treatment of Differential Equations}},
  publisher = {Springer-Verlag},
  year = {1960},
  author = {Collatz, L.}
}

@INPROCEEDINGS{condat05,
  author = {Condat, L. and Blu, T. and Unser, M.},
  title = {Beyond Interpolation: {O}ptimal Reconstruction by Quasi-Interpolation},
  booktitle = {{Proceedings of the 2005 {IEEE} International Conference on Image
	Processing ({ICIP'05})}},
  year = {2005},
  volume = {{I}},
  pages = {33--36},
  address = {Genova, Italy},
  month = sep,
}

@inproceedings{condat05hexagonal,
  title={Hexagonal versus orthogonal lattices: A new comparison using approximation theory},
  author={Condat, Laurent and Van De Ville, Dimitri and Blu, Thierry},
  booktitle={IEEE International Conference on Image Processing},
  volume={3},
  pages={III--1116},
  year={2005},
  organization={IEEE}
}

@ARTICLE{condat11,
  author = {Condat, L. and M\"{o}ller, T.},
  title = {Quantitative Error Analysis for the Reconstruction of Derivatives},
  journal = {IEEE Transactions on Signal Processing},
  year = {2011},
  volume = {59},
  pages = {2965 -2969},
  number = {6},
  month = jun,
  doi = {10.1109/TSP.2011.2119316},
  issn = {1053-587X},
  keywords = {Fourier-based method;approximation error;computationally efficient
	reconstruction scheme;convolution-based technique;derivative reconstruction;frequency
	error kernel;quantitative error analysis;convolution;error analysis;signal
	reconstruction;}
}

@ARTICLE{condat07,
  author = {Condat, L. and Van De Ville, D.},
  title = {Quasi-Interpolating Spline Models for Hexagonally-Sampled Data},
  journal = {IEEE Transactions on Image Processing},
  year = {2007},
  volume = {16},
  pages = {1195 -1206},
  number = {5},
  month = may,
  doi = {10.1109/TIP.2007.891808},
  issn = {1057-7149},
  keywords = {Cartesian lattices;approximation theory;box-spline model;continuous-domain
	data representation;hex-spline model;hexagonally-sampled data;image
	processing;image resampling;prefilters;quasi-interpolating spline
	models;reconstruction methods;approximation theory;filtering theory;image
	reconstruction;image representation;image sampling;interpolation;splines
	(mathematics);}
}

@INPROCEEDINGS{condat08, 
author={Condat, L. and Van De Ville, D.}, 
booktitle={Image Processing, 2008. ICIP 2008. 15th IEEE International Conference on}, 
title={New optimized spline functions for interpolation on the hexagonal lattice}, 
year={2008}, 
month={Oct}, 
pages={1256-1259}, 
keywords={approximation theory;image processing;interpolation;splines (mathematics);approximation theory;discrete-to-continuous interpolation models;hexagonal lattice interpolation;hexagonal sampling;linear shift invariant signal spaces;optimized spline functions;spline functions;Computational efficiency;Cost function;Fourier transforms;Image reconstruction;Image sampling;Interpolation;Lattices;Message-oriented middleware;Signal sampling;Spline;2-D lattices;approximation theory;hexagonal sampling;interpolation;linear shift invariant;multi-dimensional splines;signal spaces;three-directional mesh}, 
doi={10.1109/ICIP.2008.4711990}, 
ISSN={1522-4880},}

@BOOK{conway98,
  title = {{Sphere Packings, Lattices and Groups}},
  publisher = {Springer},
  year = {1999},
  author = {J. H. Conway and N. J. A. Sloane},
  edition = {3rd}
}

@ARTICLE{csebfalvi10,
  author = {Cs\'{e}bfalvi, Balazs},
  title = {An Evaluation of Prefiltered {B}-Spline Reconstruction for Quasi-Interpolation
	on the Body-Centered Cubic Lattice},
  journal = {IEEE Transactions on Visualization and Computer Graphics},
  year = {2010},
  volume = {16},
  pages = {499--512},
  number = {3},
  month = may,
  acmid = {1749529},
  address = {Piscataway, NJ, USA},
  doi = {10.1109/TVCG.2009.87},
  issn = {1077-2626},
  issue_date = {May 2010},
  keywords = {Filtering, sampling, volume visualization.},
  numpages = {14},
  publisher = {IEEE Educational Activities Department},
}

@ARTICLE{csebfalvi08,
  author = {Cs{\'e}bfalvi, B.},
  title = {An Evaluation of Prefiltered Reconstruction Schemes for Volume Rendering},
  journal = {IEEE Transactions on Visualization and Computer Graphics},
  year = {2008},
  volume = {14},
  pages = {289--301},
  number = {2}
}

@ARTICLE{csebfalvi08bcc,
  author = {Cs{\'e}bfalvi, B.},
  title = {{BCC}-splines: Generalization of {B}-splines for the body-centered
	cubic lattice},
  journal = {Journal of Winter School of Computer Graphics},
  year = {2008},
  volume = {16},
  pages = {81--88},
  number = {1-3}
}

@ARTICLE{Csebfalvi2009,
  author = {B. Cs{\'e}bfalvi and B. Domonkos},
  title = {Prefiltered Gradient Reconstruction for Volume Rendering},
  journal = {Journal of Winter School of Computer Graphics},
  year = {2009},
  volume = {17},
  pages = {49--56},
  number = {1-3}
}

@inproceedings{csebfalvi08dft,
  author    = {Bal{\'a}zs Cs{\'e}bfalvi and
               Bal{\'a}zs Domonkos},
  title     = {Pass-Band Optimal Reconstruction on the Body-Centered Cubic
               Lattice},
  booktitle = {{Proceedings of Vison, Modeling, and Visualization 2008}},
  year      = {2008},
  month = oct,
  pages     = {71-80},
  bibsource = {DBLP, http://dblp.uni-trier.de}
}

@ARTICLE{domonkos11,
  author = {Domonkos, B. and Cs{\'e}bfalvi, B.},
  title = {3{D} Frequency Domain Analysis of Reconstruction Schemes on the Body-Centered
	Cubic Lattice},
  journal = {Computer, Graphics and Geometry},
  year = {2011},
  volume = {13},
  pages = {31--50},
  number = {1}
}

@INPROCEEDINGS{domonkos10,
  author = {Domonkos, B. and Cs{\'e}bfalvi, B.},
  title = {{DC}-Splines: Revisiting the Trilinear Interpolation on the Body-Centered
	Cubic Lattice},
  booktitle = {{Proceedings of Vision, Modeling, and Visualization 2010}},
  year = {2010},
  month = nov,
  pages = {275--282}
}

@BOOK{dudgeon84,
  title = {{Multidimensional Digital Signal Processing}},
  publisher = {Prentice-Hall, Inc.},
  year = {1984},
  author = {D. E. Dudgeon and R. M. Mersereau},
  address = {Englewood-Cliffs, NJ},
  edition = {1st},
  key = {dsp}
}

@BOOK{dutta93,
  chapter = {Digital Differentiators},
  pages = {159--205},
  title = {{Handbook of Statistics}},
  publisher = {Elsevier Science Publishers B. V.},
  year = {1993},
  author = {S. C. {Dutta Roy} and B. Kumar},
  volume = {10}
}

@ARTICLE{eld05,
  author = {Y. C. Eldar and M. Unser},
  title = {Nonideal Sampling and Interpolation from Noisy Observations in Shift-Invariant
	Spaces},
  journal = {IEEE Trans. Image Proc.},
  year = {2006},
  volume = {54},
  pages = {2636--2651},
  number = {7},
  month = jul
}

@PHDTHESIS{entezari07,
  author = {Alireza Entezari},
  title = {{Optimal Sampling Lattices and Trivariate Box Splines}},
  school = {Simon Fraser University},
  year = {2007},
  address = {Burnaby BC, Canada},
  month = jul
}

@PHDTHESIS{alimThesis,
  author = {Usman R. Alim},
  title = {{Data Processing on the Body-Centered Cubic Lattice}},
  school = {Simon Fraser University},
  year = {2012},
  address = {Burnaby BC, Canada},
  month = jul
}

@INPROCEEDINGS{entezari04,
  author = {Alireza Entezari and Ramsay Dyer and Torsten M\"oller},
  title = {Linear and Cubic Box Splines for the Body Centered Cubic Lattice},
  booktitle = {{Proceedings of the {IEEE} Conference on Visualization}},
  year = {2004},
  pages = {11--18},
  month = oct
}

@ARTICLE{entezari_spl2004,
  author = {Alireza Entezari and Torsten M\"oller and Jacques Vaisey},
  title = {Subsampling Matrices for Wavelet Decompositions on Body Centered
	Cubic Lattices},
  journal = {IEEE Signal Processing Lettes},
  year = {2004}
}

@INPROCEEDINGS{entezari06,
  author = {Alireza Entezari and Tai Meng and Steven Bergner and Torsten M\"oller},
  title = {A Granular Three Dimensional Multiresolution Transform},
  booktitle = {{Proceedings of the Eurographics/IEEE-VGTC Symposium on Visualization}},
  year = {2006},
  pages = {267--274},
  month = may
}

@ARTICLE{entezari09,
  author = {Entezari, A. and Mirzargar, M. and Kalantari, L.},
  title = {Quasi-interpolation on the Body Centered Cubic Lattice.},
  journal = {Computer Graphics Forum},
  year = {2009},
  volume = {28},
  pages = {1015 - 1022},
  number = {3},
  issn = {01677055},
  keywords = {ENGINEERING, VISUALIZATION, ALGORITHMS, IMAGE processing, POLYNOMIALS,
	LATTICE theory, Numerical Analysis [G.1.1]: Approximation???Box Splines,
	Numerical Analysis [G.1.2]: Interpolation???Box Splines},
}

@ARTICLE{entezari08,
  author = {Alireza Entezari and Dimitri {Van De Ville} and Torsten M\"{o}ller},
  title = {Practical Box Splines for Reconstruction on the Body Centered Cubic
	Lattice},
  journal = {IEEE Transactions on Visualization and Computer Graphics},
  year = {2008},
  volume = {14},
  pages = {313 -- 328},
  number = {2},
  date-added = {2007-03-29 11:31:39 +0200},
  date-modified = {2008-03-30 12:20:15 -0700},
  rating = {1},
  read = {No}
}

@ARTICLE{farid-simoncelli04,
  author = {H. Farid and E.P. Simoncelli},
  title = {Differentiation of Discrete Multi-Dimensional Signals},
  journal = {IEEE Transactions on Image Processing},
  year = {2004},
  volume = {13},
  pages = {496-508},
  number = {4},
}

@ARTICLE{finkbeiner09,
  author = {B. Finkbeiner and U. R. Alim and D. {Van De Ville} and T. M\"{o}ller},
  title = {High-Quality Volumetric Reconstruction on Optimal Lattices for Computed
	Tomography},
  journal = {Computer Graphics Forum (Proceedings of the Eurographics/IEEE-VGTC
	Symposium on Visualization 2009 (EuroVis 2009))},
  year = {2009},
  volume = {28},
  pages = {1023-1030},
  number = {3}
}

@ARTICLE{finkbeiner10,
  author = {Finkbeiner, B. and Entezari, A. and {Van De Ville}, D. and M{\"o}ller,
	T.},
  title = {Efficient volume rendering on the body centered cubic lattice using
	box splines},
  journal = {Computers \& Graphics},
  year = {2010},
  volume = {34},
  pages = {409--423},
  number = {4},
  publisher = {Elsevier}
}

@BOOK{forster09,
  title = {Four Short Courses on Harmonic Analysis: Wavelets, Frames, Time-Frequency
	Methods, and Applications to Signal and Image Analysis},
  publisher = {Birkh{\"a}user},
  year = {2009},
  author = {Forster, B. and Massopust, P. and Christensen, O. and Forster-Heinlein,
	B. and Labate, D. and Grochenig, K.C.O.N.},
  series = {Applied and Numerical Harmonic Analysis},
  isbn = {9780817648909},
  lccn = {2009939428},
}

@ARTICLE{frigo05,
  author = {Frigo, M. and Johnson, S.G.},
  title = {The design and implementation of {FFTW3}},
  journal = {Proceedings of the IEEE},
  year = {2005},
  volume = {93},
  pages = {216--231},
  number = {2},
  publisher = {IEEE}
}

@INPROCEEDINGS{gos94,
  author = {M. E. Goss},
  title = {An Adjustable Gradient Filter for Volume Visualization Image Enhancement},
  booktitle = {{Proceedings of Graphics Interface '94}},
  month = may,
  year = {1994},
  pages = {67--74},
  place = {Toronto, Ontario}
}

@ARTICLE{mersereau86,
  author = {Guessoum, A. and Mersereau, R.},
  title = {{Fast algorithms for the multidimensional discrete Fourier transform}},
  journal = {IEEE Transactions on Acoustics, Speech, and Signal Processing},
  year = {1986},
  volume = {ASSP-34},
  pages = {937--943},
  number = {4}
}

@INPROCEEDINGS{HTH01,
  author = {Markus Hadwiger and Thomas {Theu\ss l} and Helwig Hauser and Eduard
	Gr\"{o}ller},
  title = {{Hardware-Accelerated High-Quality Filtering on {PC} Hardware}},
  booktitle = {{Workshop on Vision, Modeling and Visualization}},
  year = {2001},
  pages = {105--112}
}

@ARTICLE{hales00,
  author = {T.C. Hales},
  title = {{Cannonballs and Honeycombs}},
  journal = {Notices of the AMS},
  year = {2000},
  volume = {47},
  pages = {440--449},
  number = {4},
  month = apr
}

@INPROCEEDINGS{Hoppe96,
  author = {Hugues Hoppe},
  title = {Progressive meshes},
  booktitle = {{SIGGRAPH '96: Proceedings of the 23rd Annual Conference on Computer
	Graphics and Interactive Techniques}},
  year = {1996},
  pages = {99--108},
  address = {New York, NY, USA},
  publisher = {ACM Press},
  doi = {http://doi.acm.org/10.1145/237170.237216},
  isbn = {0-89791-746-4}
}

@ARTICLE{hossain10,
  author = {Zahid Hossain and Usman R. Alim and Torsten M\"{o}ller},
  title = {Toward High Quality Gradient Estimation on Regular Lattices},
  journal = {IEEE Transactions on Visualization and Computer Graphics},
  year = {2011},
  volume = {17},
  number = {4},
  pages = {426--439},
  address = {Los Alamitos, CA, USA},
  doi = {http://doi.ieeecomputersociety.org/10.1109/TVCG.2010.37},
  month = apr,
  publisher = {IEEE Computer Society}
}

@ARTICLE{jacob02,
  author = {M. Jacob and T. Blu and M. Unser},
  title = {Sampling of periodic signals: A quantitative error analysis},
  journal = {{IEEE} Transactions on Signal Processing},
  year = {2002},
  volume = {50},
  pages = {1153â€“-1159},
  number = {5},
  shorttitle = {Sampling of periodic signals}
}

@INCOLLECTION{jetter01,
  author = {Jetter, K. and Plonka, G.},
  title = {A survey on {$L_2$}-approximation order from shift-invariant spaces},
  booktitle = {{Multivariate Approximation and Applications}},
  publisher = {Cambridge University Press},
  year = {2001},
  editor = {Pinkus, A. and Leviatan, D. and Dyn, N. and Levin, D.},
  pages = {73--111}
}

@INCOLLECTION{jia95,
  author = {Jia, R. Q.},
  title = {Refinable shift-invariant spaces: from splines to wavelets},
  booktitle = {{Approximation Theory {VIII}, Vol. 2}},
  publisher = {World Scientific Publishing Co. Inc.},
  year = {1995},
  editor = {Chui, C.K. and Schumaker, L.L.},
  pages = {403--427}
}

@ARTICLE{jia98,
  author = {Jia, R. Q.},
  title = {Approximation properties of multivariate wavelets},
  journal = {Mathematics of Computation},
  year = {1998},
  volume = {67},
  pages = {647--666},
  number = {222}
}

@BOOK{kepler,
  title = {Strena seu nive sexangula, 1611},
  publisher = {Oxford Univ. Pressr},
  year = {1966},
  author = {J. Kepler},
  note = {Translated by L. L. Whyte as "The Six-Cornered Snowflake"}
}

@ARTICLE{keys81,
  author = {R. G. Keys},
  title = {Cubic Convolution Interpolation for Digital Image Processing},
  journal = {IEEE Transaction on Acoustics, Speech, and Signal Processing},
  year = {1981},
  volume = {29},
  pages = {1153--1160},
  number = {6},
  month = dec
}

@ARTICLE{kim08,
  author = {Kim, M. and Entezari, A. and Peters, J.},
  title = {Box spline reconstruction on the face-centered cubic lattice},
  journal = {IEEE Transactions on Visualization and Computer Graphics},
  year = {2008},
  volume = {14},
  pages = {1523--1530},
  number = {6},
  publisher = {IEEE}
}

@ARTICLE{kim11,
  author = {Kim, M. and Peters, J.},
  title = {Symmetric box-splines on root lattices},
  journal = {Journal of Computational and Applied Mathematics},
  year = {2011},
  volume = {235},
  pages = {3972--3989},
  number = {14},
  publisher = {Elsevier}
}

@ARTICLE{kim10,
  author = {Kim, M. and Peters, J.},
  title = {Symmetric box-splines on the $\mathcal{A}_n^{\ast}$ lattice},
  journal = {Journal of Approximation Theory},
  year = {2010},
  volume = {162},
  pages = {1607--1630},
  number = {9},
  publisher = {Academic Press, Inc.}
}

@INPROCEEDINGS{kindlmann98,
  author = {Gordon Kindlmann and James W. Durkin},
  title = {Semi-automatic generation of transfer functions for direct volume
	rendering},
  booktitle = {{{IEEE} Symposium on Volume Visualization}},
  year = {1998},
  month = oct,
  pages = {79--86}
}

@INPROCEEDINGS{kindlmannMICCAI06,
  author = {Gordon Kindlmann and Xavier Tricoche and Carl-Fredrik Westin},
  title = {Anisotropy Creases Delineate White Matter Structure in Diffusion
	Tensor {MRI}},
  booktitle = {{Ninth International Conference on Medical Image Computing and Computer-Assisted
	Intervention ({MICCAI} '06)}},
  year = {2006},
  series = {Lecture Notes in Computer Science 4190},
  pages = {126--133},
  address = {Copenhagen, Denmark},
  month = oct
}

@INPROCEEDINGS{kindlmann03,
  author = {Kindlmann, G. and Whitaker, R. and Tasdizen, T. and M\"{o}ller, T.},
  title = {Curvature-based transfer functions for direct volume rendering: {M}ethods
	and applications},
  year = {2003},
  pages = {513-520},
  month = oct,
  doi = {10.1109/VISUAL.2003.1250414},
  booktitle = {{Proceedings of the {IEEE} Conference on Visualization}},
  keywords = {image processing, realistic images, rendering (computer graphics),
	transfer functionsanisotropic diffusion, convolution-based differentiation,
	convolution-based reconstruction, curvature information, curvature-based
	transfer function, direct volume rendering, flowline curvature, isosurface
	uncertainty visualization, multidimensional transfer function, nonphotorealistic
	volume rendering, scalar field, surface curvature, surface smoothing}
}

@ARTICLE{kobbelt97stable,
  author = {Leif Kobbelt},
  title = {{Stable Evaluation of Box Splines}},
  journal = {Numerical Algorithms},
  year = {1997},
  volume = {14},
  pages = {377--382},
  number = {4},
}

@BOOK{kreyszig89,
  title = {{Introductory Functional Analysis with Applications}},
  publisher = {Wiley},
  year = {1989},
  author = {Kreyszig, E.},
  series = {Wiley Classics Library},
  isbn = {9780471504597},
}

@INPROCEEDINGS{MTEX99,
  author = {Eric LaMar and Bernd Hamann and Kenneth I. Joy},
  title = {{Multiresolution techniques for Interactive Texture-based volume
	visualization}},
  booktitle = {{Proceedings of the Conference on Visualization '99}},
  year = {1999},
  pages = {355--361}
}

@BOOK{lanczos,
  title = {Discourse on Fourier series},
  publisher = {New York, Hafner},
  year = {1966},
  author = {Cornelius Lanczos}
}

@ARTICLE{Linsen:2004:WMW,
  author = {Lars Linsen AND Valerio Pascucci AND Mark A. Duchaineau AND Bernd
	Hamann AND Kenneth I. Joy},
  title = {Wavelet-based Multiresolution with nth-root-of-2 Subdivision},
  journal = {Journal on Computing},
  year = {2004},
  volume = {special edition},
  editor = {Guido Brunnett AND Gerald Farin AND Stefanie Hahmann AND Ron Goldman},
  keywords = {multiresolution modeling, (time-varying) volume modeling, subdivision,
	B-spline wavelets, data approximation.},
  location = {Dagstuhl Seminar 02201 on Geometric Modelling},
  publisher = {Springer-Verlag, Vienna}
}

@ARTICLE{lu09,
  author = {Lu, Y. M. and Do, M. N. and Laugesen, R. S.},
  title = {{A computable Fourier condition generating alias-free sampling lattices}},
  journal = {IEEE Transactions on Signal Processing},
  year = {2009},
  volume = {57},
  pages = {1768--1782},
  number = {5}
}

@BOOK{LWC02,
  title = {Level of Detail for {{3D}} Graphics},
  publisher = {Elsevier Science Inc.},
  year = {2002},
  author = {David Luebke and Benjamin Watson and Jonathan D. Cohen and Martin
	Reddy and Amitabh Varshney},
  address = {New York, NY, USA},
  isbn = {1558608389}
}

@INPROCEEDINGS{moeller97,
  author = {Torsten M\"oller and Raghu Machiraju and Klaus M\"{u}ller and Roni
	Yagel},
  title = {A Comparison of Normal Estimation Schemes},
  booktitle = {{Proceedings of the {IEEE} Conference on Visualization}},
  year = {1997},
  pages = {19--26},
  month = oct
}

@inproceedings{moeller98,
  author = {Torsten M\"oller and Klaus Mueller and Yair Kurzion and Raghu Machiraju
	and Roni Yagel},
  title = {Design of Accurate and Smooth Filters for Function and Derivative
	Reconstruction},
  booktitle = {{Proceedings of the Symposium on Volume Visualization}},
  year = {1998},
  pages = {143--151},
  month = oct,
  publisher = {IEEE}
}

@ARTICLE{moeller97tvcg,
  author = {M\"{o}ller, T. and Machiraju, R. and M\"{u}ller, K. and Yagel, R.},
  title = {Evaluation and design of filters using a {T}aylor series expansion
	},
  journal = {IEEE Transactions on Visualization and Computer Graphics},
  year = {1997},
  volume = {3},
  pages = {184-199},
  number = {2},
  month = apr,
  doi = {10.1109/2945.597800},
  issn = {1077-2626},
  keywords = {computational geometry, data visualisation, error analysis, filtering
	theory, interpolation, rendering (computer graphics), splines (mathematics)Catmull-Rom
	spline filter, Taylor series expansion, absolute error bounds, arbitrary
	derivative filters, convolution sum, cubic BC-spline filters, derivative
	filter, derivative filter weights, filter classification, gradient
	estimation, interpolation, interpolation filter design, normalization,
	reconstruction filter, reconstruction process, spatial accuracy,
	visualization, volume rendering}
}

@inproceedings{moeller97vis,
  author = {M\"{o}ller, T. and Machiraju, R. and Mueller, K. and Yagel, R.},
  title = {A comparison of normal estimation schemes},
  booktitle = {{Proceedings of the {IEEE} Conference on Visualization}},
  year = {1997},
  pages = {19-26},
  month = oct,
  doi = {10.1109/VISUAL.1997.663848},
  issn = {1},
  keywords = {rendering (computer graphics)continuous derivative filter, derivative
	filters, discrete function, high order methods, image processing,
	inexpensive schemes, interpolation, interpolation filter, normal
	estimation schemes, numerical accuracy, theoretical computational
	cost, volume rendering}
}

@ARTICLE{MMS98,
  author = {Klaus M\"{u}ller and Torsten M\"{o}ller and J. Edward {Swan II} and
	Roger Crawfis and Naeem Shareef and Roni Yagel},
  title = {Splatting Errors and Antialiasing},
  journal = {IEEE Transactions on Visualization and Computer Graphics},
  year = {1998},
  volume = {4},
  pages = {178--191},
  number = {2},
  address = {Piscataway, NJ, USA},
  doi = {http://dx.doi.org/10.1109/2945.694987},
  issn = {1077-2626},
  publisher = {IEEE Educational Activities Department}
}

@INPROCEEDINGS{marschner2,
  author = {Stephen R. Marschner and Richard J. Lobb},
  title = {An Evaluation of Reconstruction Filters for Volume Rendering},
  booktitle = {{Proceedings of the {IEEE} Conference on Visualization}},
  year = {1994},
  pages = {100--107},
  month = oct
}

@ARTICLE{marshall99,
  author = {Marshall, S. L.},
  title = {A rapidly convergent modified {Green's} function for {Laplace's} equation
	in a rectangular region},
  journal = {Proceedings of the Royal Society A: Mathematical, Physical and Engineering
	Sciences},
  year = {1999},
  volume = {455},
  pages = {1739--1766},
  number = {1985},
  doi = {10.1098/rspa.1999.0378},
  issn = {1364-5021},
}

@ARTICLE{martucci94,
  author = {Martucci, S.A.},
  title = {Symmetric convolution and the discrete sine and cosine transforms},
  journal = {IEEE Transactions on Signal Processing},
  year = {1994},
  volume = {42},
  pages = {1038--1051},
  number = {5},
  publisher = {IEEE}
}

@ARTICLE{mccool96aeb,
  author = {Michael D. McCool},
  title = {{Accelerated Evaluation of Box Splines via a Parallel Inverse {FFT}}},
  journal = {Computer Graphics Forum},
  year = {1996},
  volume = {15},
  pages = {35--45},
  number = {1}
}

@ARTICLE{mccool95analytic,
  author = {Michael D. McCool},
  title = {{Analytic Antialiasing With Prism Splines}},
  journal = {SIGGRAPH Conference Proceedings},
  year = {1995},
  pages = {429--436}
}

@ARTICLE{meng11,
  author = {Meng, Tai and Entezari, Alireza and Smith, Benjamin and M\"{o}ller,
	Torsten and Weiskopf, Daniel and Kirkpatrick, Arthur E.},
  title = {Visual Comparability of 3{D} Regular Sampling and Reconstruction},
  journal = {IEEE Transactions on Visualization and Computer Graphics},
  year = {2011},
  volume = {17},
  pages = {1420--1432},
  number = {10},
  address = {Piscataway, NJ, USA},
  doi = {http://dx.doi.org/10.1109/TVCG.2010.234},
  issn = {1077-2626},
  publisher = {IEEE Educational Activities Department}
}

@INPROCEEDINGS{meng07,
  author = {Tai Meng and Benjamin Smith and Alireza Entezari and Arthur E. Kirkpatrick
	and Daniel Weiskopf and Leila Kalantari and Torsten M\"{o}ller},
  title = {On Visual Quality of Optimal {3D} Sampling and Reconstruction},
  booktitle = {{Graphics Interface 2007}},
  year = {2007},
  pages = {265 -- 272},
  month = may,
  date-added = {2007-03-29 11:40:07 +0200},
  date-modified = {2008-03-30 12:17:52 -0700}
}

@ARTICLE{mersereau79,
  author = {R.M. Mersereau},
  title = {The Processing of Hexagonally Sampled Two-dimensional Signals},
  journal = {Proceedings of the IEEE},
  year = {1979},
  volume = {67},
  pages = {930--949},
  number = {6},
  month = jun
}

@ARTICLE{mersereau83,
  author = {Mersereau, R. and Speake, T.},
  title = {{The processing of periodically sampled multidimensional signals}},
  journal = {IEEE Transactions on Acoustics, Speech, and Signal Processing},
  year = {1983},
  volume = {ASSP-31},
  pages = {188--194},
  number = {1}
}

@ARTICLE{mirzargar11,
  author = {Mirzargar, M. and Entezari, A.},
  title = {Quasi Interpolation With {V}oronoi Splines},
  journal = {IEEE Transactions on Visualization and Computer Graphics},
  year = {2011},
  volume = {17},
  pages = {1832--1841},
  number = {12},
  publisher = {IEEE}
}

@ARTICLE{mirzargar10,
  author = {Mirzargar, Mahsa and Entezari, Alireza},
  title = {Voronoi Splines},
  journal = {IEEE Transactions on Signal Processing},
  year = {2010},
  volume = {58},
  pages = {4572--4582},
  number = {9},
  doi = {10.1109/TSP.2010.2051808},
  file = {:cs/grad3/ualim/home/papers/mendeley/Mirzargar, Entezari - 2010 - Voronoi Splines.pdf:pdf},
  issn = {1053-587X},
}

@INPROCEEDINGS{mitchell88,
  author = {Don P. Mitchell and Arun N. Netravali},
  title = {Reconstruction Filters in Computer Graphics},
  booktitle = {{Computer Graphics (Proceedings of {SIGGRAPH} '88)}},
  year = {1988},
  volume = {22},
  number = {4},
  pages = {221--228},
  month = aug
}

@ARTICLE{miyakawa59,
  author = {Miyakawa, H.},
  title = {Sampling theorem of stationary stochastic variables in multidimensional
	space},
  journal = {Journal of the Institute of Electronic and Communication Engineers
	of Japan},
  year = {1959},
  volume = {42},
  pages = {421--427}
}

@BOOK{mizohata73,
  title = {{The Theory of Partial Differential Equations}},
  publisher = {University Press},
  year = {1973},
  author = {Mizohata, S.},
  isbn = {9780521087278},
  lccn = {lc72083593},
  url = {http://books.google.ca/books?id=sp08AAAAIAAJ}
}

@INPROCEEDINGS{neophytou,
  author = {Neophytou, Neophytos and Mueller, Klaus},
  title = {Space-time points: {4D} splatting on efficient grids},
  booktitle = {{{VVS} '02: Proceedings of the 2002 {IEEE} symposium on Volume visualization}},
  year = {2002},
  month = oct,
  pages = {97--106},
  address = {Piscataway, NJ, USA},
  __markedentry = {[ualim:6]},
  isbn = {0-7803-7641-2},
  location = {Boston, Massachusetts},
  owner = {ualim},
  timestamp = {2012.05.01}
}

@INPROCEEDINGS{Neophytou2002,
  author = {Neophytou, Neophytos and Mueller, Klaus},
  title = {Space-time points: {4D} splatting on efficient grids},
  booktitle = {{VVS '02: Proceedings of the 2002 IEEE Symposium on Volume Visualization}},
  year = {2002},
  pages = {97--106},
  address = {Piscataway, NJ, USA},
  isbn = {0-7803-7641-2},
  location = {Boston, Massachusetts}
}

@BOOK{nied92,
  title = {{Random Number Generation and Quasi-Monte Carlo Methods}},
  publisher = {Society for Industrial and Applied Mathematics},
  year = {1992},
  author = {Niederreiter, H.}
}

@BOOK{oppenheim89,
  title = {Discrete-Time Signal Processing},
  publisher = {Prentice Hall Inc., Englewoods Cliffs, NJ},
  year = {1989},
  author = {A.V. Oppenheim and R.W. Schafer}
}

@BOOK{patterson11,
  title = {{Solid-State Physics: Introduction to the Theory}},
  publisher = {Springer},
  year = {2011},
  author = {Patterson, J.D. and Bailey, B.},
  isbn = {9783642025884},
  url = {http://books.google.ca/books?id=YvuxwAR2RJAC}
}

@INPROCEEDINGS{Peters:1996:SBZ,
  author = {J. Peters},
  title = {{${C}^2$ Surfaces Built from Zero Sets of the 7-direction Box Spline}},
  booktitle = {{The Mathematics of Surfaces VI}},
  year = {1996},
  pages = {463--474},
  bibdate = {Fri Nov 15 10:16:10 EST 1996}
}

@INPROCEEDINGS{Peters:1997:BBI,
  author = {J. Peters and M. Wittman},
  title = {Blending basic implicit shapes using trivariate box splines},
  booktitle = {{The Mathematics of Surfaces VII}},
  year = {1997},
  pages = {409--426},
  bibdate = {Fri Nov 15 10:16:10 EST 1996}
}

@ARTICLE{petersen62,
  author = {D. P. Petersen and D. Middleton},
  title = {Sampling and Reconstruction of Wave-Number-Limited Functions in {$N$}-Dimensional
	{E}uclidean Spaces},
  journal = {Information and Control},
  year = {1962},
  volume = {5},
  pages = {279--323},
  number = {4},
  month = dec
}

@ARTICLE{phong,
  author = {Phong,, Bui Tuong},
  title = {Illumination for computer generated pictures},
  journal = {Commun. ACM},
  year = {1975},
  volume = {18},
  pages = {311--317},
  number = {6},
  address = {New York, NY, USA},
  doi = {http://doi.acm.org/10.1145/360825.360839},
  issn = {0001-0782},
  publisher = {ACM}
}

@BOOK{pinsky02,
  title = {{Introduction to {F}ourier Analysis and Wavelets}},
  publisher = {American Mathematical Society},
  year = {2002},
  author = {Pinsky, M.A.},
  volume = {102}
}

@ARTICLE{powell:1977:PQA,
  author = {M. J. D. Powell and M. A. Sabin},
  title = {{Piecewise Quadratic Approximations on Triangles}},
  journal = {ACM Trans. Math. Softw.},
  year = {1977},
  volume = {3},
  pages = {316--325},
  number = {4},
  address = {New York, NY, USA},
  doi = {http://doi.acm.org/10.1145/355759.355761},
  issn = {0098-3500},
  publisher = {ACM Press}
}

@INPROCEEDINGS{Qiao05,
  author = {W. Qiao and D.S. Ebert and A. Entezari and M. Korkusinski and G.
	Klimeck},
  title = {{VolQD: Direct Volume Rendering of Multi-million Atom Quantum Dot
	Simulations}},
  booktitle = {{Proceedings of the IEEE Conference on Visualization}},
  year = {2005},
  pages = {319--326},
  month = oct
}

@CONFERENCE{riachy,
  author = {S. Riachy and S. Bachalany and M. Mboup and J.-P. Richard},
  title = {An algebraic method for multi-dimensional derivative estimation},
  booktitle = {{Proc. of 16th Med. Conf. on Control and Automation}},
  year = {2008},
  pages = { 356--361},
  month = jun,
  location = {Ajaccio, France}
}

@BOOK{Samet90,
  title = {The Design and Analysis of Spatial data Structures},
  publisher = {Addison-Wesley Longman Publishing Co., Inc.},
  year = {1990},
  author = {Hanan Samet},
  address = {Boston, MA, USA},
  isbn = {0-201-50255-0}
}

@ARTICLE{schoenberg46,
  author = {Schoenberg, I.J.},
  title = {Contributions to the problem of approximation of equidistant data
	by analytic functions},
  journal = {Quarterly of Applied Mathematics},
  year = {1946},
  volume = {4},
  pages = {45--99},
  number = {2}
}

@ARTICLE{shannon49,
  author = {Shannon, C. E.},
  title = {{Communication in the presence of noise}},
  journal = {Proceedings of the Institute of Radio Engineers},
  year = {1949},
  volume = {37},
  pages = {10-21},
  number = {1}
}

@INPROCEEDINGS{TSP99,
  author = {Han-Wei Shen and Ling-Jen Chiang and Kwan-Liu Ma},
  title = {{A fast volume rendering algorithm for time-varying fields using
	a time-space partitioning ({{TSP}}) tree}},
  booktitle = {{Proceedings of IEEE Visualization '99}},
  year = {1999},
  pages = {371-377}
}

@BOOK{Strang:1973:AFE,
  title = {An Analysis of the Finite Element Method},
  publisher = {Prentice Hall},
  year = {1973},
  author = {Gilbert Strang and George J. Fix},
  isbn = {0-13-032946-0},
  lccn = {TA335 .S77}
}

@ARTICLE{StrangFix,
  author = {Gilbert Strang and George J. Fix},
  title = {A {F}ourier Analysis of the Finite Element Variational Method},
  journal = {Constructive Aspects of Functional Analysis},
  year = {1971},
  pages = {796-830},
  __markedentry = {[ualim:6]},
  owner = {ualim},
  timestamp = {2012.05.01}
}

@ARTICLE{sun03,
  author = {Sun,, Haiwei and Kang,, Ning and Zhang,, Jun and Carlson,, Eric S.},
  title = {A fourth-order compact difference scheme on face centered cubic grids
	with multigrid method for solving 2{D} convection diffusion equation},
  journal = {Mathematics and Computers in Simulation},
  year = {2003},
  volume = {63},
  pages = {651--661},
  number = {6},
  address = {Amsterdam, The Netherlands, The Netherlands},
  doi = {http://dx.doi.org/10.1016/S0378-4754(03)00095-8},
  issn = {0378-4754},
  publisher = {Elsevier Science Publishers B. V.}
}

@ARTICLE{the00,
  author = {P. Th\'evenaz and T. Blu and M. Unser},
  title = {Interpolation revisited},
  journal = {IEEE Transactions on Medical Imaging},
  year = {2000},
  volume = {19},
  pages = {739--758},
  number = {7},
  month = jul
}

@INPROCEEDINGS{theussl,
  author = {Thomas {Theu\ss l} and Torsten M\"{o}ller and Eduard Gr\"{o}ller},
  title = {Optimal Regular Volume Sampling},
  booktitle = {{Proceedings of the {IEEE} Conference on Visualization 2001}},
  year = {2001},
  pages = {91--98},
  month = oct
}

@ARTICLE{theussltechrep,
  author = {T. {Theu\ss l} and O. Mattausch and T. M\"{o}ller and E. Gr\"{o}ller},
  title = {Reconstruction Schemes for High Quality Raycasting of the Body-Centered
	Cubic Grid},
  journal = {TR-186-2-02-11, Institute of Computer Graphics and Algorithms, Vienna
	University of Technology},
  year = {2002},
  month = {December}
}

@CONFERENCE{theu00,
  author = {T. Theu{\ss}l and H. Helwig and E. Gr{\"o}ller},
  title = {Mastering windows: improving reconstruction},
  booktitle = {{Proceedings of the IEEE Symposium on Volume Visualization (VVS)}},
  year = {2000},
  pages = {101--108},
  location = {Salt Lake City, Utah, U. S.}
}

@ARTICLE{unser00,
  author = {Unser, M.},
  title = {{Sampling-50 years after Shannon}},
  journal = {Proceedings of the IEEE},
  year = {2000},
  volume = {88},
  pages = {569--587},
  number = {4}
}

@ARTICLE{unser96,
  author = {Unser, M.},
  title = {{Approximation power of biorthogonal wavelet expansions}},
  journal = {IEEE Transactions on Signal Processing},
  year = {1996},
  volume = {44},
  pages = {519--527},
  number = {3},
  issn = {1053-587X}
}

@INPROCEEDINGS{unser95,
  author = {Unser, M.},
  title = {A General {H}ilbert Space Framework for the Discretization of Continuous
	Signal Processing Operators},
  booktitle = {{Proceedings of the {SPIE} Conference on Mathematical Imaging: {W}avelet
	Applications in Signal and Image Processing {III}}},
  year = {1995},
  volume = {2569},
  pages = {51--61},
  address = {San Diego CA, USA},
  month = jul,
}

@ARTICLE{unser93,
  author = {Unser, M. and Aldroubi, A. and Eden, M.},
  title = {B-{S}pline Signal Processing: {P}art {I}---{T}heory},
  journal = {{IEEE} Transactions on Signal Processing},
  year = {1993},
  volume = {41},
  pages = {821--833},
  number = {2},
  month = feb
}

@ARTICLE{unser97,
  author = {Unser, Michael and Daubechies, Ingrid},
  title = {On the Approximation Power of Convolution-Based Least Squares Versus
	Interpolation},
  journal = {IEEE Transaction on Signal Processing},
  year = {1997},
  volume = {45},
  pages = {1697--1711},
  number = {7}
}

@BOOK{Vaidyanathan,
  title = {Multirate Systems and Filter Banks},
  publisher = {Prentice Hall},
  year = {1993},
  author = {P.P. Vaidyanathan},
  series = {Signal Processing},
  address = {Englewood Cliffs, New Jersey 07632}
}

@ARTICLE{vandevill06,
  author = {Van De Ville, D. and Blu, T. and Unser, M.},
  title = {that Green's function paper},
  journal = {{IEEE} Signal Processing Letters},
  year = {2006},
  volume = {??},
  pages = {???--???},
  number = {?},
  month = {???}
}

@ARTICLE{vandevill05,
  author = {Van De Ville, D. and Blu, T. and Unser, M.},
  title = {{On the Multidimensional Extension of the Quincunx Subsampling Matrix}},
  journal = {{IEEE} Signal Processing Letters},
  year = {2005},
  volume = {12},
  pages = {112--115},
  number = {2},
  month = {February}
}

@ARTICLE{vandeVille04,
  author = {{Van De Ville}, D. and Blu, T. and Unser, M. and Philips, W. and Lemahieu,
	I. and {Van de Walle}, R.},
  title = {{Hex-splines: {A} novel spline family for hexagonal lattices}},
  journal = {{IEEE} Transactions on Image Processing},
  year = {2004},
  volume = {13},
  pages = {758--772},
  number = {6},
  month = jun
}

@BOOK{wang01,
  title = {{Multivariate Spline Functions and their Applications}},
  publisher = {Kluwer Academic Publishers},
  year = {2001},
  author = {Wang, R.},
  series = {Mathematics and its Applications},
  isbn = {9787030078971},
  lccn = {01029642},
  url = {http://books.google.ca/books?id=9l8\_AQAAIAAJ}
}

@MISC{wiki:RD,
  author = {Wikipedia},
  title = {Rhombic dodecahedron --- {W}ikipedia{,} The Free Encyclopedia},
  howpublished = {\url{http://en.wikipedia.org/wiki/Rhombic_dodecahedron}},
  year = {2012},
  note = {[Online; accessed 06-April-2012]}
}

@MISC{wiki:TO,
  author = {Wikipedia},
  title = {Truncated octahedron --- {W}ikipedia{,} The Free Encyclopedia},
  howpublished = {\url{http://en.wikipedia.org/wiki/Truncated_octahedron}},
  year = {2012},
  note = {[Online; accessed 06-April-2012]}
}

@ARTICLE{BON92,
  author = {Jane Wilhelms and Allen Van Gelder},
  title = {Octrees for Faster Isosurface Generation},
  journal = {ACM Transactions on Graphics},
  year = {1992},
  volume = {11},
  pages = {201-227},
  number = {3},
  month = {July}
}

@book{mathematica8,
  author = {{Wolfram~Research~Inc.},},
  title = {{Mathematica, Version 8.0}},
  publisher = {},
  address = {Champaign, IL},
  year = {2010}
}

@ARTICLE{xu2008fourier,
  author = {Yuan Xu},
  title = {Fourier Series and Approximation on Hexagonal and~Triangular Domains},
  journal = {Constructive Approximation},
  year = {2008},
  volume = {31},
  pages = {115--138},
  number = {1},
  doi = {10.1007/s00365-008-9034-y},
  issn = {0176-4276},
  url = {http://www.springerlink.com/index/10.1007/s00365-008-9034-y}
}

@INPROCEEDINGS{younesy05,
  author = {Hamid Younesy and Torsten M\"{o}ller and Hamish Carr},
  title = {{Visualization of Time-Varying Volumetric Data using Differential
	Time-Histogram Table}},
  booktitle = {{Workshop on Volume Graphics 2005 (VG05)}},
  year = {2005},
  pages = {21--29},
  month = {Jun.}
}

@BOOK{young92,
  title = {{Vector and Tensor Analysis}},
  publisher = {Marcel Dekker Inc.},
  year = {1992},
  author = {Young, E.C.}
}

@ARTICLE{Zwart:1973:MSN,
  author = {Philip B. Zwart},
  title = {{Multivariate Splines with Nondegenerate Partitions}},
  journal = {SIAM Journal on Numerical Analysis},
  year = {1973},
  volume = {10},
  pages = {665--673},
  number = {4},
  month = sep,
  bibdate = {Fri Oct 16 06:57:22 MDT 1998},
  bibsource = {JSTOR database},
  coden = {SJNAAM},
  issn = {0036-1429 (print), 1095-7170 (electronic)}
}

@book{hansen05,
  title={{The Visualization Handbook}},
  author={Hansen, C.D. and Johnson, C.R.},
  isbn={9780123875822},
  lccn={2004020457},
  series={Referex Engineering},
  year={2005},
  publisher={Butterworth-Heinemann}
}

@book{quarteroni08,
  title={{Numerical Approximation of Partial Differential Equations}},
  author={Quarteroni, A. and Valli, A.},
  isbn={9783540852674},
  series={Springer Series in Computational Mathematics},
  year={2008},
  publisher={Springer}
}

@article{alim09lbm,
author = {Usman R. Alim and Alireza Entezari and Torsten M\"{o}ller},
title = {The {Lattice-Boltzmann} Method on Optimal Sampling Lattices},
journal ={IEEE Transactions on Visualization and Computer Graphics},
volume = {15},
number = {4},
issn = {1077-2626},
year = {2009},
pages = {630-641},
doi = {http://doi.ieeecomputersociety.org/10.1109/TVCG.2008.201},
publisher = {IEEE Computer Society},
address = {Los Alamitos, CA, USA},
}
	 
@inproceedings{cabral93,
 author = {Cabral, Brian and Leedom, Leith Casey},
 title = {Imaging vector fields using line integral convolution},
 booktitle = {{Proceedings of the 20th Annual Conference on Computer Graphics and Interactive Techniques~({SIGGRAPH '93})}},
 series = {SIGGRAPH '93},
 month = aug,
 year = {1993},
 isbn = {0-89791-601-8},
 location = {Anaheim, CA},
 pages = {263--270},
 numpages = {8},
} 	

@article{van93,
  title={Flow visualization with surface particles},
  author={Jarke J. van Wijk},
  journal={IEEE Computer Graphics and Applications},
  volume={13},
  number={4},
  pages={18--24},
  year={1993},
  publisher={IEEE}
}

@inproceedings{stam99,
  title={Stable fluids},
  author={Stam, J.},
  booktitle={{Proceedings of the 26th annual conference on Computer graphics and interactive techniques ({SIGGRAPH} '99)}},
  pages={121--128},
  series = {SIGGRAPH '99},
  year={1999},
  month = aug
}

@inproceedings{fedkiw01,
  title={Visual simulation of smoke},
  author={Fedkiw, R. and Stam, J. and Jensen, H.W.},
  booktitle={{Proceedings of the 28th Annual Conference on Computer Graphics and Interactive Techniques ({SIGGRAPH '01})}},
  pages={15--22},
  year={2001},
  month = aug
}

@inproceedings{lentine11,
  title={Mass and momentum conservation for fluid simulation},
  author={Lentine, M. and Aanjaneya, M. and Fedkiw, R.},
  booktitle={{Proceedings of the 2011 {ACM SIGGRAPH}/{Eurographics} Symposium on Computer Animation}},
  pages={91--100},
  year={2011},
  month = aug
}

@inproceedings{shneiderman96,
 author = {Shneiderman, Ben},
 title = {The Eyes Have It: A Task by Data Type Taxonomy for Information Visualizations},
 booktitle = {{Proceedings of the 1996 {IEEE} Symposium on Visual Languages}},
 series = {VL '96},
 year = {1996},
 isbn = {0-8186-7508-X},
 pages = {336--343},
 keywords = {visualization, information visualization, graphical user interfaces},
} 

@article{han02,
author = {Han, B. and Jia, R. Q.},
journal = {Mathematics of Computation},
number = {237},
pages = {165--196},
title = {Quincunx fundamental refinable functions and quincunx biorthogonal wavelets},
volume = {71},
year = {2002}
}

@article{tuch02,
  title={High angular resolution diffusion imaging reveals intravoxel white matter fiber heterogeneity},
  author={Tuch, D.S. and Reese, T.G. and Wiegell, M.R. and Makris, N. and Belliveau, J.W. and Wedeen, V.J.},
  journal={Magnetic Resonance in Medicine},
  volume={48},
  number={4},
  pages={577--582},
  year={2002},
  publisher={Wiley Online Library}
}

@article{perez03,
 author = {P{\'e}rez, Patrick and Gangnet, Michel and Blake, Andrew},
 title = {Poisson image editing},
 journal = {ACM Transactions on Graphics},
 volume = {22},
 number = {3},
 month = jul,
 year = {2003},
 issn = {0730-0301},
 pages = {313--318},
 numpages = {6},
 doi = {10.1145/882262.882269},
 acmid = {882269},
} 

@article{meijering03,
  title={A note on cubic convolution interpolation},
  author={Meijering, E. and Unser, M.},
  journal={IEEE Transactions on Image Processing},
  volume={12},
  number={4},
  pages={477--479},
  year={2003},
  publisher={IEEE}
}

@article{carr06,
  title={Artifacts caused by simplicial subdivision},
  author={Carr, H. and M\"{o}ller, T. and Snoeyink, J.},
  journal={IEEE Transactions on Visualization and Computer Graphics},
  volume={12},
  number={2},
  pages={231--242},
  year={2006},
  publisher={IEEE}
}

@book{strikwerda04,
  title={{Finite Difference Schemes and Partial Differential Equations}},
  author={Strikwerda, J.C.},
  year={2004},
  publisher={Society for Industrial and Applied Mathematics}
}

@book{bridson08,
  title={{Fluid Simulation For Computer Graphics}},
  author={Bridson, R.},
  isbn={9781568813264},
  lccn={2008021768},
  series={Ak Peters Series},
  url={http://books.google.ca/books?id=gFI8y87VCZ8C},
  year={2008},
  publisher={A. K. Peters}
}

@article{harlow65,
  title={Numerical calculation of time-dependent viscous incompressible flow of fluid with free surface},
  author={Harlow, F.H. and Welch, J.E.},
  journal={Physics of Fluids},
  volume={8},
  number={12},
  pages={2182},
  year={1965}
}

@ARTICLE{ye12, 
author={Wenxing Ye and Entezari, A}, 
journal={IEEE Transactions on Image Processing}, 
title={A Geometric Construction of Multivariate Sinc Functions}, 
year={2012}, 
month={June}, 
volume={21}, 
number={6}, 
pages={2969-2979}, 
keywords={lattice theory;signal reconstruction;signal sampling;wavelet transforms;1D Shannon wavelets;2D hexagonal body-centered cubic lattice;Lagrange interpolation;Lanczos window function;face-centered cubic lattice;frequency partition;geometric construction;multidimensional lattices;multivariate sampling functions;multivariate setting;multivariate sinc functions;sampling lattices;signal reconstruction;FCC;Face;Fourier transforms;Geometry;Kernel;Lattices;Scattering;Multidimensional signal processing;multivariate sinc;nonseparable reconstruction;optimal sampling lattices;sampling lattices;sphere packing lattices}, 
doi={10.1109/TIP.2011.2162421}, 
ISSN={1057-7149},}



@book{chorin93,
  title={A Mathematical Introduction to Fluid Mechanics},
  author={Chorin, A.J. and Marsden, J.E.},
  isbn={9780387979182},
  lccn={98115991},
  series={Texts in Applied Mathematics},
  year={1993},
  publisher={Springer}
}

@book{demmel97,
  title={Applied numerical linear algebra},
  author={James W. Demmel},
  year={1997},
  publisher={Society for Industrial and Applied Mathematics}
}
	